<collection xmlns="http://www.loc.gov/MARC21/slim">
<record>
  <leader>01426nam0a2200265 i 450 </leader>
  <controlfield tag="001">IT\ICCU\CNCE\029893</controlfield>
  <controlfield tag="005">20121011000000.0</controlfield>
  <datafield tag="012" ind1=" " ind2=" ">
    <subfield code="a">2322 isi* vtoc lete (3) 1511 (R)</subfield>
    <subfield code="2">fei</subfield>
  </datafield>
  <datafield tag="100" ind1=" " ind2=" ">
    <subfield code="a">19971124d1511        0itac0103    ba</subfield>
  </datafield>
  <datafield tag="101" ind1=" " ind2=" ">
    <subfield code="a">LAT</subfield>
  </datafield>
  <datafield tag="102" ind1=" " ind2=" ">
    <subfield code="a">IT</subfield>
  </datafield>
  <datafield tag="200" ind1="1" ind2=" ">
    <subfield code="a">℗Angeli de Aretio vtriusque iuris doctoris consumatissimi ℗In quattuor Institutionum libris preclarissima commentaria. Una cum acutissimi pontificij cesarei iuris interpretis Francisci Aretini ad vnumquemque paragraphorum casuum figuratione ... Necnon elleganti repertorio nouiter excogitato</subfield>
  </datafield>
  <datafield tag="210" ind1=" " ind2=" ">
    <subfield code="e">Impressa Venetijs</subfield>
    <subfield code="g">summa diligentia per Georgium Arriuabenum</subfield>
    <subfield code="h">1511. Die V Octobris</subfield>
  </datafield>
  <datafield tag="215" ind1=" " ind2=" ">
    <subfield code="a">\2!, 371 \i.e. 370! c.</subfield>
    <subfield code="d">fol</subfield>
  </datafield>
  <datafield tag="620" ind1=" " ind2=" ">
    <subfield code="a">IT</subfield>
    <subfield code="d">Venezia</subfield>
  </datafield>
  <datafield tag="700" ind1=" " ind2="1">
    <subfield code="a">Gambiglioni,</subfield>
    <subfield code="b">Angelo</subfield>
    <subfield code="3">IT\ICCU\CNCA\005861</subfield>
  </datafield>
  <datafield tag="702" ind1=" " ind2="1">
    <subfield code="a">Accolti,</subfield>
    <subfield code="b">Francesco</subfield>
    <subfield code="3">IT\ICCU\CNCA\000431</subfield>
  </datafield>
  <datafield tag="712" ind1="0" ind2="0">
    <subfield code="a">Arrivabene, Giorgio</subfield>
    <subfield code="3">IT\ICCU\CNCT\000599</subfield>
    <subfield code="4">650</subfield>
  </datafield>
  <datafield tag="790" ind1=" " ind2="1">
    <subfield code="a">Gambilionibus,</subfield>
    <subfield code="b">Angelus : de</subfield>
    <subfield code="3">IT\ICCU\CNCA\018951</subfield>
    <subfield code="z">Gambiglioni, Angelo</subfield>
  </datafield>
  <datafield tag="791" ind1="0" ind2="0">
    <subfield code="a">Arrivabenis, Georgius de</subfield>
    <subfield code="3">IT\ICCU\CNCT\004264</subfield>
    <subfield code="z">Arrivabene, Giorgio</subfield>
  </datafield>
  <datafield tag="791" ind1="0" ind2="0">
    <subfield code="a">Arrivabenus, Georgius</subfield>
    <subfield code="3">IT\ICCU\CNCT\004265</subfield>
    <subfield code="z">Arrivabene, Giorgio</subfield>
  </datafield>
  <datafield tag="801" ind1=" " ind2="3">
    <subfield code="a">IT</subfield>
    <subfield code="b">ICCU</subfield>
    <subfield code="c">20201114</subfield>
  </datafield>
  <datafield tag="899" ind1=" " ind2=" ">
    <subfield code="a">Biblioteca comunale Ariostea. Ferrara</subfield>
    <subfield code="1">FE0017</subfield>
    <subfield code="2">UFE AR</subfield>
  </datafield>
  <datafield tag="911" ind1=" " ind2=" ">
    <subfield code="a">Nel coloph.</subfield>
    <subfield code="9">IT\ICCU\CNCM\000520</subfield>
  </datafield>
  <datafield tag="921" ind1=" " ind2=" ">
    <subfield code="a">IT\ICCU\CNCM\000520</subfield>
    <subfield code="b">Cerchio con croce doppia e iniziali A.G</subfield>
    <subfield code="c">A88</subfield>
    <subfield code="c">K184</subfield>
    <subfield code="c">Z246</subfield>
    <subfield code="f">CERCHIO</subfield>
    <subfield code="f">CROCE</subfield>
    <subfield code="f">INIZIALI</subfield>
    <subfield code="g">1511-1527</subfield>
  </datafield>
</record>
</collection>
